<?xml version="1.0" encoding="utf-8"?>
<record xmlns="http://www.loc.gov/MARC21/slim">
   <leader>00925cas a2200313Ia 4500</leader>
   <controlfield tag="001">9910263764002931</controlfield>
   <controlfield tag="005">20110616124141.0</controlfield>
   <controlfield tag="007">hd-afu---buuu</controlfield>
   <controlfield tag="008">900413c18939999gauuu nea     0uuua0eng d</controlfield>
   <datafield tag="010" ind1=" " ind2=" ">
      <subfield code="a">gua1179162</subfield>
   </datafield>
   <datafield tag="035" ind1=" " ind2=" ">
      <subfield code="a">ocm21367788</subfield>
   </datafield>
   <datafield tag="035" ind1=" " ind2=" ">
      <subfield code="9">01201027</subfield>
   </datafield>
   <datafield tag="035" ind1=" " ind2=" ">
      <subfield code="a">(GUA)1179162</subfield>
   </datafield>
   <datafield tag="035" ind1=" " ind2=" ">
      <subfield code="a">(GU)1179162-ugadb</subfield>
   </datafield>
   <datafield tag="040" ind1=" " ind2=" ">
      <subfield code="a">GUA</subfield>
      <subfield code="c">GUA</subfield>
   </datafield>
   <datafield tag="049" ind1=" " ind2=" ">
      <subfield code="a">[FILM] GUAB</subfield>
   </datafield>
   <datafield tag="130" ind1="0" ind2=" ">
      <subfield code="a">Red and Black (Athens, Ga.)</subfield>
   </datafield>
   <datafield tag="245" ind1="0" ind2="4">
      <subfield code="a">The Red and Black</subfield>
   </datafield>
   <datafield tag="260" ind1="0" ind2="0">
      <subfield code="a">Athens, Ga. :</subfield>
      <subfield code="b">University of Georgia,</subfield>
      <subfield code="c">1893-</subfield>
   </datafield>
   <datafield tag="300" ind1=" " ind2=" ">
      <subfield code="a">v. :</subfield>
      <subfield code="b">ill.</subfield>
   </datafield>
   <datafield tag="362" ind1="0" ind2=" ">
      <subfield code="a">Vol. 1, no. 1 (Nov. 24, 1893)-</subfield>
   </datafield>
   <datafield tag="533" ind1=" " ind2=" ">
      <subfield code="a">Microfilm.</subfield>
      <subfield code="b">Athens, Ga. :</subfield>
      <subfield code="c">University of Georgia Libraries.</subfield>
	  <subfield code="d">1981-</subfield>
      <subfield code="e">microfilm reels ; 35 mm.</subfield>
   </datafield>
   <datafield tag="710" ind1="2" ind2=" ">
      <subfield code="a">University of Georgia.</subfield>
   </datafield>
   <datafield tag="752" ind1=" " ind2=" ">
      <subfield code="a">United States</subfield>
      <subfield code="b">Georgia</subfield>
      <subfield code="c">Clarke</subfield>
      <subfield code="d">Athens.</subfield>
   </datafield>
   <datafield tag="910" ind1=" " ind2=" ">
      <subfield code="a">cg04-13-90</subfield>
   </datafield>
   <datafield tag="910" ind1=" " ind2=" ">
      <subfield code="a">CA</subfield>
   </datafield>
   <datafield tag="946" ind1=" " ind2=" ">
      <subfield code="a">Marcive 2009.10.12</subfield>
   </datafield>
   <datafield tag="971" ind1=" " ind2=" ">
      <subfield code="a">19900413073224.0</subfield>
   </datafield>
   <datafield tag="973" ind1=" " ind2=" ">
      <subfield code="a">Marcive 2009.10.12</subfield>
      <subfield code="9">LOCAL</subfield>
   </datafield>
   <datafield tag="974" ind1=" " ind2=" ">
      <subfield code="a">cg04-13-90</subfield>
      <subfield code="9">LOCAL</subfield>
   </datafield>
   <datafield tag="974" ind1=" " ind2=" ">
      <subfield code="a">CA</subfield>
      <subfield code="9">LOCAL</subfield>
   </datafield>
</record>
